@misc{mohtashami2023special,
      title={Special Properties of Gradient Descent with Large Learning Rates}, 
      author={Amirkeivan Mohtashami and Martin Jaggi and Sebastian Stich},
      year={2023},
      eprint={2205.15142},
      archivePrefix={arXiv},
      primaryClass={cs.LG}
}